<record><leader>00000cas a22000007a 4500</leader><controlfield tag="001">24647546</controlfield><controlfield tag="008">911030d18921893ncuwr ne      0    0eng d</controlfield><datafield ind1=" " ind2=" " tag="010"><subfield code="a">sn 91068701 </subfield></datafield><datafield ind1=" " ind2=" " tag="040"><subfield code="a">NVJ</subfield><subfield code="b">eng</subfield><subfield code="c">NVJ</subfield><subfield code="d">OCLCQ</subfield></datafield><datafield ind1=" " ind2=" " tag="042"><subfield code="a">msc</subfield></datafield><datafield ind1="0" ind2="0" tag="245"><subfield code="a">Union and Scottish chief.</subfield></datafield><datafield ind1=" " ind2=" " tag="260"><subfield code="a">Maxton, N.C. :</subfield><subfield code="b">M.G. McKenzie and R.W. Knight</subfield></datafield><datafield ind1=" " ind2=" " tag="300"><subfield code="a">v.</subfield></datafield><datafield ind1=" " ind2=" " tag="310"><subfield code="a">Weekly</subfield></datafield><datafield ind1="1" ind2=" " tag="362"><subfield code="a">Began in 1892.</subfield></datafield><datafield ind1="0" ind2=" " tag="362"><subfield code="a">-v. 7, no. 33 (Mar. 23, 1893).</subfield></datafield><datafield ind1=" " ind2=" " tag="500"><subfield code="a">Published a daily ed. for 10 days in early August 1892 for The Elders and Deacons Normal Institute.</subfield></datafield><datafield ind1=" " ind2=" " tag="588"><subfield code="a">Description based on: Vol. 7, no. 1, (Aug. 11, 1892).</subfield></datafield><datafield ind1=" " ind2=" " tag="752"><subfield code="a">United States</subfield><subfield code="b">North Carolina</subfield><subfield code="c">Robeson</subfield><subfield code="d">Maxton.</subfield></datafield><datafield ind1="0" ind2="4" tag="780"><subfield code="t">Scottish chief (Red Springs, N.C.)</subfield></datafield><datafield ind1="0" ind2="4" tag="780"><subfield code="t">Maxton union</subfield><subfield code="w">(DLC)sn 91068700</subfield></datafield><datafield ind1="0" ind2="0" tag="785"><subfield code="t">Scottish chief (Maxton, N.C. : 1893)</subfield><subfield code="w">(DLC)sn 91068702</subfield></datafield></record>